@misc{GDPR,
  author = {{Evropský parlament; Rada Evropské unie}},
  title  = {Nařízení Evropského parlamentu a Rady (EU) 2016/679 ze dne 27. dubna 2016 o ochraně fyzických osob v souvislosti se zpracováním osobních údajů a o volném pohybu těchto údajů a o zrušení směrnice 95/46/ES (obecné nařízení o ochraně osobních údajů)},
  year   = {2016},
  url    = {https://eur-lex.europa.eu/eli/reg/2016/679/oj?locale=cs}
}

@misc{clanek12,
  author   = {{Evropský parlament; Rada Evropské unie}},
  title    = {Nařízení Evropského parlamentu a Rady (EU) 2016/679 ze dne 27. dubna 2016 o ochraně fyzických osob v souvislosti se zpracováním osobních údajů a o volném pohybu těchto údajů a o zrušení směrnice 95/46/ES (obecné nařízení o ochraně osobních údajů)},
  subtitle = {Článek 12 - Transparentní informace, sdělení a postupy pro výkon práv subjektu údajů},
  year     = {2016},
  url      = {https://eur-lex.europa.eu/eli/reg/2016/679/oj?locale=cs\#:~:text=Transparentnost\%20a\%20postupy-,\%C4\%8Cl\%C3\%A1nek\%2012,-Transparentn\%C3\%AD\%20informace\%2C\%20sd\%C4\%9Blen\%C3\%AD}
}

@thesis{Pergl2018,
  author  = {Robert Pergl},
  title   = {Conceptualisation: Chapters from Harmonising Enterprise and Software Engineering},
  address = {Praha},
  year    = {2018},
  school  = {ČVUT v Praze, Fakulta informačních technologií, Katedra softwarového inženýrství},
  type    = {Habilitační práce},
  urldate = {2025-04-09},
  url     = {https://www.researchgate.net/publication/332274993_Conceptualisation_Chapters_from_Harmonising_Enterprise_and_Software_Engineering_--_a_Habilitation_Thesis}
}

@article{Guizzardi2015,
  author   = {Giancarlo Guizzardi and Gerd Wagner and João Paulo Andrade Almeida and Renata S.S. Guizzardi},
  journal  = {Applied Ontology},
  title    = {Towards ontological foundations for conceptual modeling},
  subtitle = {The unified foundational ontology (UFO) story},
  year     = {2015},
  pages    = {259-271},
  volume   = {10},
  number   = {3-4},
  issn     = {18758533},
  urldate  = {2025-04-09},
  doi      = {10.3233/AO-150157},
  url      = {https://www.researchgate.net/publication/285926489_Towards_Ontological_Foundations_for_Conceptual_Modeling_The_Unified_Foundational_Ontology_UFO_Story}
}

@article{Vancura2009,
  author  = {Miroslav Vančura},
  journal = {E\_LOGOS: Electronic journal for philosophy},
  title   = {Systém kategorií u Aristotela},
  address = {Praha},
  year    = {2009},
  pages   = {1-22},
  volume  = {2009},
  number  = {20},
  issn    = {1211-0442},
  urldate = {2025-04-09},
  url     = {https://www.researchgate.net/publication/264842366_System_kategorii_u_Aristotela}
}

@article{Guizzardi2022,
  author   = {Giancarlo Guizzardi and Alessander Botti Benevides and Claudenir M. Fonseca and Daniele Porello and João Paulo A. Almeida and Tiago Prince Sales and Stefano Borgo and Antony Galton and Oliver Kutz},
  journal  = {Applied Ontology},
  title    = {UFO},
  subtitle = {Unified Foundational Ontology},
  year     = {2022},
  pages    = {167-210},
  volume   = {17},
  issn     = {18758533},
  urldate  = {2025-04-10},
  doi      = {10.3233/AO-210256},
  url      = {https://journals.sagepub.com/doi/full/10.3233/AO-210256}
}

@book{Smajs1994,
  author    = {Josef Šmajs and Josef Krob},
  title     = {Úvod do ontologie},
  subtitle  = {(Skriptum filoz. fak. MU)},
  publisher = {Masarykova univerzita},
  address   = {Brno},
  year      = {1994},
  edition   = {2. opr. a rozš. vyd},
  isbn      = {80-210-0879-2},
  urldate   = {2025-04-09},
  url       = {https://www.phil.muni.cz/fil/eo/skripta/uvod_do_ontologie.pdf}
}

@book{Aristoteles2021,
  author    = { Aristotelés},
  title     = {Metafyzika},
  publisher = {Rezek},
  address   = {Praha},
  year      = {2021},
  edition   = {Čtvrté vydání, v Nakladatelství Petr Rezek třetí},
  isbn      = {978-80-86027-45-6}
}

@incollection{Guarino2009,
  author    = {Nicola Guarino and Daniel Oberle and Steffen Staab},
  booktitle = {Handbook on Ontologies},
  title     = {What Is an Ontology?},
  publisher = {Springer},
  address   = {Berlin},
  year      = {2009},
  edition   = {2nd ed.},
  pages     = {1-17},
  isbn      = {978-3-540-70999-2}
}

@thesis{Guizzardi2005,
  author  = {Giancarlo Guizzardi},
  title   = {Ontological Foundations for Structural Conceptual Models},
  address = {Enschede, The Netherlands},
  year    = {2005},
  school  = {University of Twente, Centre for Telematics and Information Technology},
  type    = {CTIT PhD Thesis Series},
  isbn    = {90-75176- 81-3},
  url     = {https://research.utwente.nl/en/publications/ontological-foundations-for-structural-conceptual-models}
}

@incollection{Poli2003,
  author    = {Roberto Poli},
  booktitle = {Husserl’s Logical Investigations Reconsidered},
  title     = {Descriptive, Formal and Formalized Ontologies},
  publisher = {Springer},
  address   = {Dordrecht},
  year      = {2003},
  edition   = {1st ed.},
  pages     = {183-210},
  isbn      = {978-90-481-6324-3},
  doi       = {10.1007/978-94-017-0207-2_12},
  url       = {http://link.springer.com/10.1007/978-94-017-0207-2_12}
}

@online{Corazzon2021,
  author  = {Raul Corazzon},
  journal = {Ontologia},
  title   = {Ontology: Its Role in Modern Philosophy},
  year    = {2021},
  urldate = {2025-04-12},
  updated = {2025-2-10},
  url     = {https://www.ontology.co/pdf/index-co.pdf}
}

@incollection{Arp2015,
  author    = {Robert Arp and Barry Smith and Andrew Spear},
  booktitle = {Building ontologies with basic formal ontology},
  title     = {Kinds of Ontologies and the Role of Taxonomies},
  publisher = {The MIT Press},
  address   = {Cambridge},
  year      = {2015},
  edition   = {1st ed.},
  pages     = {27-41},
  isbn      = {978-0-262-52781-1}
}

@incollection{Casellas2011,
  author       = {Núria Casellas},
  booktitle    = {Legal ontology engineering},
  booksubtitle = {methodologies, modelling trends, and the ontology of professional judicial knowledge},
  title        = {On Ontologies},
  publisher    = {Springer},
  address      = {Dordrecht},
  year         = {2011},
  edition      = {2nd ed.},
  pages        = {17-51},
  isbn         = {978-94-007-1496-0}
}


@inproceedings{Katsumi2016,
  author    = {Megan Katsumi and Michael Gruninger},
  booktitle = {Formal Ontology in Information Systems (FOIS 2016)},
  title     = {What is Ontology Reuse?},
  publisher = {IOS Press BV},
  address   = {Amsterdam, Neatherlands},
  year      = {2016},
  pages     = {9-22},
  isbn      = {978-1-61499-659-0},
  issn      = {0922-6389},
  doi       = {10.3233/978-1-61499-660-6-9}
}

@article{Scherp2011,
  author  = {Ansgar Scherp and Carsten Saathoff and Thomas Franz and Steffen Staab},
  journal = {Arbeitsberichte aus dem Fachbereich Informatik},
  title   = {Designing Core Ontologies},
  year    = {2011},
  pages   = {1-57},
  volume  = {2011},
  number  = {5},
  issn    = {1864-0850},
  urldate = {2025-04-12},
  doi     = {10.3233/AO-2011-0096},
  url     = {https://www.researchgate.net/publication/50378685_Designing_Core_Ontologies}
}

@article{Guarino2015,
  author    = {Nicola Guarino},
  journal   = {Applied Ontology},
  title     = {Applied ontology: The next decade begins},
  publisher = {IOS Press},
  year      = {2015},
  pages     = {1-4},
  volume    = {2015},
  number    = {10},
  urldate   = {2025-04-12},
  doi       = {10.3233/AO-150143},
  url       = {https://www.researchgate.net/publication/277886191_Applied_ontology_The_next_decade_begins}
}

@article{Ikeda1998,
  author  = {Mitsuru Ikeda and Kazuhisa Seta and Osamu Kakusho and Riichiro Mizoguchi},
  journal = {Proceedings of ECAI98},
  title   = {Task ontology: Ontology for building conceptual problem solving models},
  year    = {1998},
  pages   = {1-15},
  volume  = {1998},
  urldate = {2025-04-12},
  url     = {https://www.researchgate.net/publication/228604955_Task_ontology_Ontology_for_building_conceptual_problem_solving_models}
}

@article{Cristani2008,
  author    = {Matteo Cristani and Roberta Cuel and Murray Jennex},
  journal   = {Knowledge Management},
  title     = {Domain Ontologies},
  publisher = {IGI Global},
  year      = {2008},
  pages     = {1419-1429},
  volume    = {2008},
  isbn      = {9781599049335},
  urldate   = {2025-04-12},
  doi       = {10.4018/978-1-59904-933-5.ch116},
  url       = {http://services.igi-global.com/resolvedoi/resolve.aspx?doi=10.4018/978-1-59904-933-5.ch116}
}

@article{Niles2001,
  author    = {Ian Niles and Adam Pease},
  journal   = {Proceedings of the international conference on Formal Ontology in Information Systems - Volume 2001},
  title     = {Towards a standard upper ontology},
  publisher = {ACM},
  address   = {New York, NY, USA},
  year      = {2001},
  pages     = {2-9},
  volume    = {2001},
  isbn      = {1581133774},
  urldate   = {2025-04-12},
  doi       = {10.1145/505168.505170},
  url       = {https://dl.acm.org/doi/10.1145/505168.505170}
}

@incollection{Ding2007,
  author       = {Li Ding and Pranam Kolari and Zhongli Ding and Sasikanth Avancha},
  booktitle    = {ONTOLOGIES},
  booksubtitle = {A Handbook of Principles, Concepts and Applications in Information Systems},
  title        = {Using Ontologies in the Semantic Web: A Survey},
  publisher    = {Springer},
  year         = {2007},
  edition      = {2nd ed.},
  pages        = {79-114},
  isbn         = {978-0387-37019-4}
}

@misc{sdeleni_interoperabilita,
  author   = {{Evropská komise}},
  title    = {Sdělení Komise Evropskému parlamentu, Radě, Evropskému hospodářskému a sociálnímu výboru a Výboru regionů},
  subtitle = {Evropský rámec interoperability – Strategie provádění},
  address  = {Brusel},
  year     = {2017},
  edition  = {134},
  urldate  = {2025-4-12},
  url      = {https://eur-lex.europa.eu/legal-content/CS/TXT/HTML/?uri=CELEX:52017DC0134}
}

@incollection{Otto2022,
  author       = {Boris Otto},
  booktitle    = {Designing Data Spaces},
  booksubtitle = {The Ecosystem Approach to Competitive Advantage},
  title        = {The Evolution of Data Spaces},
  publisher    = {Springer International Publishing},
  address      = {Cham},
  year         = {2022},
  edition      = {3rd ed.},
  pages        = {3-15},
  isbn         = {978-3-030-93974-8},
  doi          = {10.1007/978-3-030-93975-5_1},
  url          = {https://link.springer.com/10.1007/978-3-030-93975-5_1}
}

@article{Kalfoglou2005,
  author    = {Yannis Kalfoglou and Marco Schorlemmer and Amit Sheth and Steffen Steffen and Michael Uschold},
  journal   = {Dagstuhl Seminar Proceedings (DagSemProc)},
  title     = {Semantic Interoperability and Integration},
  publisher = {Schloss Dagstuhl – Leibniz-Zentrum für Informatik},
  year      = {2005},
  pages     = {1-9},
  volume    = {2005},
  number    = {4391},
  urldate   = {2025-04-12},
  doi       = {10.4230/DagSemProc.04391.1},
  url       = {https://www.researchgate.net/publication/37538116_Semantic_Interoperability_and_Integration}
}

@article{Bittner2006,
  author    = {Thomas Bittner and Maureen Donnelly and Stephan Winter},
  journal   = {Large-scale 3D Data Integration},
  title     = {Ontology and Semantic Interoperability},
  publisher = {CRC Press},
  year      = {2006},
  pages     = {139-161},
  volume    = {2006},
  isbn      = {978-0-8493-9898-8},
  urldate   = {2025-04-12},
  doi       = {10.1201/9781420036282.pt3},
  url       = {http://www.crcnetbase.com/doi/10.1201/9781420036282.pt3}
}

@article{Sarantis2011,
  author    = {Demetrios Sarantis and Yannis Charalabidis and Dimitris Askounis},
  journal   = {Proceedings of the 5th International Conference on Theory and Practice of Electronic Governance},
  title     = {Towards a public sector interoperability ontology},
  publisher = {ACM},
  address   = {New York, NY, USA},
  year      = {2011},
  pages     = {259-264},
  volume    = {2011},
  number    = {9},
  isbn      = {9781450307468},
  urldate   = {2025-04-12},
  doi       = {10.1145/2072069.2072112},
  url       = {https://dl.acm.org/doi/10.1145/2072069.2072112}
}

@article{Kupcik2012,
  author  = {Michal Kupčík and Michal Šír and Zdeněk Bradáč},
  journal = {IFAC Proceedings Volumes},
  title   = {Interoperability through ontologies},
  year    = {2012},
  pages   = {196-200},
  volume  = {45},
  number  = {7},
  issn    = {14746670},
  urldate = {2025-04-13},
  doi     = {10.3182/20120523-3-CZ-3015.00039},
  url     = {https://linkinghub.elsevier.com/retrieve/pii/S1474667015350886}
}

@incollection{Menzel2022,
  author    = {Karsten Menzel and Seppo Törmä and Kiviniemi Markku and Kostas Tsatsakis and Andriy Hryshchenko and Meherun Nesa Lucky},
  booktitle = {Innovative Tools and Methods Using BIM for an Efficient Renovation in Buildings},
  title     = {Linked Data and Ontologies for Semantic Interoperability},
  publisher = {Springer International Publishing},
  address   = {Cham},
  year      = {2022},
  edition   = {2nd ed.},
  pages     = {17-28},
  isbn      = {978-3-031-04669-8},
  doi       = {10.1007/978-3-031-04670-4_2},
  url       = {https://link.springer.com/10.1007/978-3-031-04670-4_2}
}

@article{ZemmouchiGhomari2009,
  author    = {Leila Zemmouchi-Ghomari and Abdessamed Reda Ghomari},
  journal   = {2009 Fifth International Conference on Signal Image Technology and Internet Based Systems},
  title     = {Reference Ontology},
  publisher = {IEEE},
  year      = {2009},
  pages     = {485-491},
  volume    = {2009},
  isbn      = {978-1-4244-5740-3},
  urldate   = {2025-04-13},
  doi       = {10.1109/SITIS.2009.81},
  url       = {http://ieeexplore.ieee.org/document/5633930/}
}

@article{Hoppenbrouwers2005,
  author    = {S. J. B. A. Hoppenbrouwers and H. A. Proper and Th. P. van der Weide},
  journal   = {Conceptual Modeling – ER 2005},
  title     = {A Fundamental View on the Process of Conceptual Modeling},
  publisher = {Springer Berlin Heidelberg},
  address   = {Berlin, Heidelberg},
  year      = {2005},
  pages     = {128-143},
  volume    = {2005},
  number    = {24},
  isbn      = {978-3-540-29389-7},
  urldate   = {2025-04-15},
  doi       = {10.1007/11568322_9},
  url       = {http://link.springer.com/10.1007/11568322_9}
}

@article{Uschold2004,
  author  = {Michael Uschold and Michael Gruninger},
  journal = {ACM SIGMOD Record},
  title   = {Ontologies and semantics for seamless connectivity},
  year    = {2004},
  pages   = {58-64},
  volume  = {33},
  number  = {4},
  issn    = {0163-5808},
  urldate = {2025-04-15},
  doi     = {10.1145/1041410.1041420},
  url     = {https://dl.acm.org/doi/10.1145/1041410.1041420}
}

@article{Guizzardi2008,
  author  = {Giancarlo Guizzardi and Terry Halpin},
  journal = {Applied Ontology},
  title   = {Ontological foundations for conceptual modelling},
  year    = {2008},
  pages   = {1-12},
  volume  = {3},
  number  = {1-2},
  issn    = {15705838},
  urldate = {2025-04-15},
  doi     = {10.3233/AO-2008-0049},
  url     = {https://journals.sagepub.com/doi/full/10.3233/AO-2008-0049}
}

@book{Ogden1923,
  author    = {C. K. Ogden and I. A. Richards},
  title     = {The Meaning of Meaning},
  subtitle  = {A Study of the Influence of Language Upon Thought and of the Science of Symbolism},
  publisher = {A Harvest Book},
  address   = {New York},
  year      = {1923},
  edition   = {1st ed.},
  isbn      = {O-15-658446-8}
}

@book{Ullmann1964,
  author    = {Stephen Ullmann},
  title     = {Semantics},
  subtitle  = {an introduction to the science of meaning},
  publisher = {Basil Blackwell},
  address   = {Oxford},
  year      = {1964},
  isbn      = {9780064970730}
}

@article{SilvadeCarvalho2017,
  author    = {Danilo Silva de Carvalho and Minh Le Nguyen},
  journal   = {Proceedings of the 15th Conference of the European Chapter of the Association for Computational Linguistics: Volume 1, Long Papers},
  title     = {Building Lexical Vector Representations from Concept Definitions},
  publisher = {Association for Computational Linguistics},
  address   = {Stroudsburg, PA, USA},
  year      = {2017},
  pages     = {905-915},
  volume    = {1},
  number    = {86},
  urldate   = {2025-04-15},
  doi       = {10.18653/v1/E17-1085},
  url       = {http://aclweb.org/anthology/E17-1085}
}

@book{Stamper1973,
  author    = {Ronald Stamper},
  title     = {Information in business and administrative systems},
  publisher = {Wiley},
  address   = {New York},
  year      = {1973},
  edition   = {1st ed.},
  isbn      = {0471820458}
}

@incollection{Ferreira2007,
  author    = {J. Ferreira and J. Noble and R. Biddle},
  booktitle = {Project Management and Risk Management in Complex Projects},
  title     = {The Semiotics of Usage-Centred Design},
  publisher = {Springer Netherlands},
  address   = {Dordrecht},
  year      = {2007},
  edition   = {2nd ed.},
  pages     = {211-229},
  isbn      = {978-1-4020-5836-3},
  urldate   = {2025-04-17},
  doi       = {10.1007/978-1-4020-5837-0_12},
  url       = {http://link.springer.com/10.1007/978-1-4020-5837-0_12}
}

@incollection{Thalheim2011,
  author       = {Bernhard Thalheim},
  booktitle    = {Database and Expert Systems Applications},
  booksubtitle = {22nd International Conference, DEXA 2011 Toulouse, France, August 29 - September 2, 2011 Proceedings, Part I},
  title        = {The Science of Conceptual Modelling},
  publisher    = {Springer},
  year         = {2011},
  edition      = {22},
  pages        = {12-26},
  isbn         = {978-3-642-23087-5},
  doi          = {10.1007/978-3-642-23088-2}
}

@incollection{Thalheim2009,
  author    = {Bernhard Thalheim},
  booktitle = {Advances in Conceptual Modeling - Challenging Perspectives},
  title     = {Towards a Theory of Conceptual Modelling},
  publisher = {Springer Berlin Heidelberg},
  address   = {Berlin, Heidelberg},
  year      = {2009},
  edition   = {1},
  pages     = {45-54},
  isbn      = {978-3-642-04946-0},
  doi       = {10.1007/978-3-642-04947-7_7},
  url       = {http://link.springer.com/10.1007/978-3-642-04947-7_7}
}

@incollection{Onggo2010,
  author    = {Stephan Onggo},
  booktitle = {Conceptual Modeling for Discrete-Event Simulation},
  title     = {Methods for Conceptual Model Representation},
  publisher = {CRC Press},
  year      = {2010},
  edition   = {1},
  pages     = {337-354},
  isbn      = {978-1-4398-1037-8},
  doi       = {10.1201/9781439810385-c13},
  url       = {http://www.crcnetbase.com/doi/10.1201/9781439810385-c13}
}

@online{CCMi,
  title   = {Centrum pro konceptuální modelování a implementace (CCMi)},
  year    = {2016},
  urldate = {2025-04-18},
  url     = {https://ccmi.fit.cvut.cz/uvod/}
}

@article{Engels2000,
  author    = {Gregor Engels and Reiko Heckel and Stefan Sauer},
  journal   = {Application and Theory of Petri Nets 2000},
  title     = {UML — A Universal Modeling Language?},
  publisher = {Springer Berlin Heidelberg},
  address   = {Berlin, Heidelberg},
  year      = {2000},
  pages     = {24-38},
  volume    = {2000},
  number    = {21},
  isbn      = {978-3-540-67693-5},
  urldate   = {2025-04-18},
  doi       = {10.1007/3-540-44988-4_3},
  url       = {https://link.springer.com/10.1007/3-540-44988-4_3}
}

@online{visualparadigm,
  journal = {Visual Paradigm},
  title   = {UML - Behavioral Diagram vs Structural Diagram},
  year    = {2024},
  edition = {Hong Kong},
  urldate = {2025-04-18},
  url     = {https://www.visual-paradigm.com/guide/uml-unified-modeling-language/behavior-vs-structural-diagram/}
}

@misc{Selic2015semantic,
  author   = {Bran Selic and Conrad Bock and Steve Cook and Pete Rivett and Tom Rutt and Ed Seidewitz and Doug Tolbert},
  title    = {OMG Unified Modeling Language (Version 2.5) Technical Report},
  subtitle = {On the Semantics of UML - Semantic Areas},
  year     = {2015},
  edition  = {2.5},
  urldate  = {2025-04-18}
}

@misc{Selic2015models,
  author   = {Bran Selic and Conrad Bock and Steve Cook and Pete Rivett and Tom Rutt and Ed Seidewitz and Doug Tolbert},
  title    = {OMG Unified Modeling Language (Version 2.5) Technical Report},
  subtitle = {On the Semantics of UML - Models and What They Model},
  year     = {2015},
  edition  = {2.5},
  urldate  = {2025-04-18}
}

@article{Clark1997,
  author  = {Tony Clark and Andy Evans},
  journal = {Proceedings of the 2nd BCS-FACS Northern Formal Methods},
  title   = {Foundations of the Unified Modeling Language},
  year    = {1997},
  pages   = {2-14},
  volume  = {1997},
  number  = {2},
  urldate = {2025-04-19},
  doi     = {10.14236/ewic/FA1997.6},
  url     = {https://scienceopen.com/hosted-document?doi=10.14236/ewic/FA1997.6}
}

@article{Niziol2021,
  author  = {Marcin Nizioł and Piotr Wiśniewski and Krzysztof Kluza and Antoni Ligęza},
  journal = {Position and Communication Papers of the 16th Conference on Computer Science and Intelligence Systems},
  title   = {Characteristic and comparison of UML, BPMN and EPC based on process models of a training company},
  year    = {2021},
  pages   = {193-200},
  volume  = {26},
  issn    = {ISSN 2300-5963},
  urldate = {2025-04-19},
  doi     = {10.15439/2021F139},
  url     = {https://annals-csis.org/Volume_26/drp/139.html}
}

@incollection{Tang2009,
  author    = {Wei Tang},
  booktitle = {Encyclopedia of Database Systems},
  title     = {Meta Object Facility},
  publisher = {Springer US},
  address   = {Boston, MA},
  year      = {2009},
  edition   = {2nd ed.},
  pages     = {1722-1723},
  isbn      = {978-0-387-35544-3},
  doi       = {10.1007/978-0-387-39940-9_914},
  url       = {http://link.springer.com/10.1007/978-0-387-39940-9_914}
}

@manual{iso_mof,
  author  = {{International Organization for Standardization}},
  title   = {Information technology — Meta Object Facility (MOF)},
  year    = {2005},
  edition = {2021}
}

@online{CCMi_uml,
  journal = {Centrum pro konceptuální modelování a implementace (CCMi)},
  title   = {UML},
  year    = {2016},
  urldate = {2025-04-19},
  url     = {https://ccmi.fit.cvut.cz/metodiky/uml/}
}

@online{CCMi_ontouml,
  journal = {Centrum pro konceptuální modelování a implementace (CCMi)},
  title   = {OntoUML},
  year    = {2016},
  urldate = {2025-04-25},
  url     = {https://ccmi.fit.cvut.cz/metodiky/ontouml/}
}

@article{Rybola2017,
  author   = {Zdeněk Rybola and Robert Pergl},
  journal  = {Computer Science and Information Systems},
  title    = {Towards ontoUML for software engineering},
  subtitle = {Transformation of kinds and subkinds into relational databases},
  year     = {2017},
  pages    = {913-937},
  volume   = {14},
  issn     = {1820-0214},
  urldate  = {2025-04-09},
  doi      = {10.2298/CSIS170109035R},
  url      = {https://doiserbia.nb.rs/Article.aspx?ID=1820-02141700035R}
}

@article{Broy2006,
  author    = {Manfred Broy and María Victoria Cengarle and Bernhard Rumpe},
  journal   = {TUM-I0612},
  title     = {Towards a System Model for UML. The Structural Data Model},
  publisher = {Institut fur Informatik der Technischen Universitat Munchen},
  address   = {Munich University of Technology},
  year      = {2006},
  pages     = {3-32},
  volume    = {2006},
  urldate   = {2025-04-19},
  url       = {https://www.researchgate.net/publication/266024164_Towards_a_System_Model_for_UML_The_Structural_Data_Model}
}

@article{Filho2017,
  author    = {Jugurta Lisboa Filho and José Luı́s Braga},
  journal   = {Encyclopedia of GIS},
  title     = {UML},
  subtitle  = {Unified Modeling Language},
  publisher = {Springer International Publishing},
  address   = {Cham},
  year      = {2017},
  pages     = {2345-2346},
  volume    = {2017},
  isbn      = {978-3-319-17884-4},
  urldate   = {2025-04-19},
  doi       = {10.1007/978-3-319-17885-1_1419},
  url       = {http://link.springer.com/10.1007/978-3-319-17885-1_1419}
}

@book{Rumpe2016,
  author    = {Bernhard Rumpe},
  title     = {Modeling with UML},
  subtitle  = {Language, Concepts, Methods},
  publisher = {Springer Cham},
  year      = {2016},
  edition   = {1},
  isbn      = {978-3-319-33932-0}
}

@online{mvčr_gdpr,
  author   = {{Evropský parlament; Rada Evropské unie}},
  journal  = {MVČR},
  title    = {Orientace v GDPR},
  subtitle = {Co je GDPR},
  year     = {c2025},
  urldate  = {2025-04-19},
  url      = {https://mv.gov.cz/gdpr/clanek/co-je-gdpr.aspx}
}

@misc{esipa,
  author = {{Evropský parlament; Rada Evropské unie}},
  title  = {Směrnice Evropského parlamentu a Rady 95/46/ES},
  year   = {1995},
  url    = {https://esipa.cz/sbirka/sbsrv.dll/sb?DR=SB\&CP=31995L0046}
}

@article{Pergl2013,
  author    = {Robert Pergl and Tiago Prince Sales and Zdeněk Rybola},
  journal   = {Model and Data Engineering},
  title     = {Towards OntoUML for Software Engineering},
  subtitle  = {From Domain Ontology to Implementation Model},
  publisher = {Springer Berlin Heidelberg},
  address   = {Berlin, Heidelberg},
  year      = {2013},
  pages     = {249-263},
  volume    = {2013},
  isbn      = {978-3-642-41365-0},
  urldate   = {2025-04-25},
  doi       = {10.1007/978-3-642-41366-7_21},
  url       = {http://link.springer.com/10.1007/978-3-642-41366-7_21}
}

@online{NEMO,
  title   = {NEMO Ontology \& Conceptual Modeling Research Group},
  year    = {2006},
  urldate = {2025-04-25},
  url     = {https://nemo.inf.ufes.br/en/}
}

@article{Sales2023,
  author  = {Tiago Prince Sales and Pedro Paulo F. Barcelos and Claudenir M. Fonseca and Isadora Valle Souza and Elena Romanenko and César Henrique Bernabé and Luiz Olavo Bonino da Silva Santos and Mattia Fumagalli and Joshua Kritz and João Paulo A. Almeida and Giancarlo Guizzardi},
  journal = {Data \& Knowledge Engineering},
  title   = {A FAIR catalog of ontology-driven conceptual models},
  year    = {2023},
  pages   = {2-42},
  volume  = {147},
  issn    = {0169023X},
  urldate = {2025-04-25},
  doi     = {10.1016/j.datak.2023.102210},
  url     = {https://www.sciencedirect.com/science/article/pii/S0169023X23000708}
}

@article{Ruy2017,
  author  = {Fabiano B. Ruy and Giancarlo Guizzardi and Ricardo A. Falbo and Cássio C. Reginato and Victor A. Santos},
  journal = {Data \& Knowledge Engineering},
  title   = {From reference ontologies to ontology patterns and back},
  year    = {2017},
  pages   = {41-69},
  volume  = {109},
  issn    = {0169023X},
  urldate = {2025-04-25},
  doi     = {10.1016/j.datak.2017.03.004},
  url     = {https://linkinghub.elsevier.com/retrieve/pii/S0169023X17301076}
}

@article{Guizzardi2013,
  author    = {Giancarlo Guizzardi and Veruska Zamborlini},
  journal   = {Software Language Engineering},
  title     = {A Common Foundational Theory for Bridging Two Levels in Ontology-Driven Conceptual Modeling},
  publisher = {Springer Berlin Heidelberg},
  address   = {Berlin, Heidelberg},
  year      = {2013},
  pages     = {286-310},
  volume    = {7745},
  number    = {1},
  isbn      = {978-3-642-36088-6},
  urldate   = {2025-04-25},
  doi       = {10.1007/978-3-642-36089-3_17},
  url       = {http://link.springer.com/10.1007/978-3-642-36089-3_17}
}

@article{Fuetscher1930,
  author   = {Lorenz Fuetscher},
  title    = {Die ersten Seins- und Denkprinzipien},
  journal  = {Philosophie und Grenzwissenschaft},
  year     = {1930},
  volume   = {3},
  number   = {2-4},
  pages    = {97-124},
  language = {german}
}

@online{KOM_prezentace2,
  author = {Robert Pergl},
  title = {OntoUML: Základy, rigidní a anti-rigidní sortály},
  year = {2024},
  url = {https://courses.fit.cvut.cz/BI-KOM/slides/html/lectures-czech/02-ontouml-basics-sortals.htm},
}

@online{KOM_prezentace3,
  author = {Robert Pergl},
  title = {OntoUML: Non-sortály, relace, relátor},
  year = {2024},
  url = {https://courses.fit.cvut.cz/BI-KOM/slides/pdf/lectures-czech/03-ontouml-nonsortals-relations.pdf},
}

@online{KOM_prezentace4,
  author = {Robert Pergl},
  title = {OntoUML: Vztahy Celek-Část, typy agregací; Aspekty},
  year = {2024},
  url = {https://courses.fit.cvut.cz/BI-KOM/slides/pdf/lectures-czech/04-ontouml-aggr-aspects.pdf},
}

@online{KOM_prezentace5,
  author = {Robert Pergl},
  title = {OntoUML: Shrnutí, anti-patterny},
  year = {2024},
  url = {https://courses.fit.cvut.cz/BI-KOM/slides/pdf/lectures-czech/05-ontouml-summary-antipatterns.pdf},
}

@online{KOM_prezentace6,
  author = {Robert Pergl},
  title = {OntoUML: Převod na objektový model},
  year = {2024},
  url = {https://courses.fit.cvut.cz/BI-KOM/slides/pdf/lectures-czech/06-ontouml-transformation.pdf},
}

@online{KOM_prezentace7,
  author = {Robert Pergl},
  title = {OCL: Object Constraint Language},
  year = {2024},
  url = {https://courses.fit.cvut.cz/BI-KOM/slides/pdf/lectures-czech/07-ocl.pdf},
}

@online{ontouml_class_stereotypes,
  journal = {OntoUML specification},
  title = {Class stereotypes},
  year = {c2018},
  urldate = {2025-04-27},
  url = {https://ontouml.readthedocs.io/en/latest/classes/index.html},
}

@online{ontouml_relations,
  journal = {OntoUML specification},
  title = {Relationship stereotypes},
  year = {c2018},
  urldate = {2025-04-27},
  url = {https://ontouml.readthedocs.io/en/latest/relationships/index.html},
}

@online{Mcculloch2006,
  author = {David Mcculloch},
  journal = {Lexology},
  title = {A History of the Codification of Law and the Separation of Powers},
  year = {2006},
  urldate = {2025-05-06},
  url = {https://www.lexology.com/library/document?tk=eyJ0eXAiOiJKV1QiLCJhbGciOiJIUzUxMiJ9.eyJleHAiOjE3NDY1MjIxNzEsImRhdGEiOnsiRG9jdW1lbnRHdWlkIjoiOTc5YmZkN2UtNmU2MC00ZTZlLThkNjctY2Y0OTBiOGNhYzdmIiwiQ29udGFjdEd1aWQiOiIwMDAwMDAwMC0wMDAwLTAwMDAtMDAwMC0wMDAwMDAwMDAwMDAiLCJCeXBhc3NMb2dpbiI6dHJ1ZX19.vAotImvzmubYB0Sjnmk90rHCyOduRgpJQt4VY5FX29SNyglaDW2J9AKjohaFLqExK7ir_OUi1D0E365plaVroQ},
}

@book{FrenchCivilCode,
  title = {The Code Napoleon or The French Civil Code},
  publisher = {Lincoln's Inn},
  year = {1824},
  edition = {1},
  urldate = {2025-05-06},
  url = {https://data.globalcit.eu/NationalDB/docs/Civil\%20Code\%201804\%20EN.pdf},
}

@article{Dietz1999,
  author = {Jan L. G. Dietz},
  journal = {Conceptual Modeling — ER ’99},
  title = {Understanding and Modelling Business Processes with DEMO},
  publisher = {Springer Berlin Heidelberg},
  address = {Berlin, Heidelberg},
  year = {1999},
  pages = {188-202},
  volume = {1999},
  number = {6-4},
  isbn = {978-3-540-66686-8},
  urldate = {2025-05-06},
  doi = {10.1007/3-540-47866-3_13},
  url = {http://link.springer.com/10.1007/3-540-47866-3_13},
}

@article{Hunka2019,
  author = {František Huňka and Jiří Matula},
  journal = {AIP Conference Proceedings},
  title = {DEMO methodology and its potential for collaboration},
  year = {2019},
  pages = {060007-},
  volume = {2186},
  number = {1},
  urldate = {2025-05-06},
  doi = {10.1063/1.5137961},
  url = {https://pubs.aip.org/aip/acp/article/667417},
}

@book{Sovova2014,
  author = {Olga Sovová and Miroslav Sova and Miroslav Mitlöhner},
  title = {Právo a právní předpisy I.},
  publisher = {Gaudeamus},
  address = {Hradec Králové},
  year = {2014},
  edition = {Vydání: první},
  isbn = {978-80-7435-438-0},
}

@book{Weinberger2017,
  author = {Ota Weinberger},
  title = {Norma a instituce},
  subtitle = {úvod do teorie práva},
  publisher = {Vydavatelství a nakladatelství Aleš Čeněk, s.r.o.},
  address = {Plzeň},
  year = {2017},
  edition = {1},
  isbn = {978-80-7380-668-2},
}

@book{Boguszak2001,
  author = {Jiří Boguszak and Aleš Gerloch and Jiří Čapek},
  title = {Teorie práva},
  publisher = {Eurolex Bohemia},
  address = {Praha},
  year = {2001},
  edition = {Vyd. 2},
  isbn = {80-864-3213-0},
}

@online{Hammurapi,
  journal = {Britannica},
  title = {Code of Hammurabi},
  year = {c2025},
  urldate = {2025-05-16},
  url = {https://www.britannica.com/topic/Code-of-Hammurabi},
}

@online{Justinian,
  journal = {Britannica},
  title = {Code of Justinian},
  year = {c2025},
  urldate = {2025-05-16},
  url = {https://www.britannica.com/topic/Code-of-Justinian},
}

@online{Napoleon,
  journal = {Britannica},
  title = {Napoleonic Code},
  year = {c2025},
  urldate = {2025-05-16},
  url = {https://www.britannica.com/topic/Napoleonic-Code},
}

@article{Mayo2013,
  author = {John W. Mayo},
  journal = {FEDERAL COMMUNICATIONS LAW JOURNAL},
  title = {The Evolution of Regulation: Twentieth Century Lessons and Twenty-First Century Opportunities},
  year = {2012-2013},
  pages = {120-154},
  volume = {vol.65},
  number = {2},
  urldate = {2025-05-16},
  url = {https://www.academia.edu/117488954/The_Evolution_of_Regulation_Twentieth_Century_Lessons_and_Twenty_First_Century_Opportunities},
}

@article{Moran2010,
  author = {Michael Moran},
  journal = {The Oxford Handbook of Business and Government},
  title = {The Rise of the Regulatory State},
  publisher = {Oxford University Press},
  year = {2010-02-25},
  pages = {383-403},
  volume = {2010},
  number = {16},
  isbn = {0199214271},
  urldate = {2025-05-16},
  doi = {10.1093/oxfordhb/9780199214273.003.0017},
  url = {https://academic.oup.com/edited-volume/34537/chapter/292976542},
}

@thesis{Vorisek2018,
  author = {Jan Voříšek},
  title = {Nesrozumitelnost práva},
  address = {Brno},
  year = {2018},
  school = {Masarykovy univerzity, Právnická fakulta, Katedra právní teorie},
  type = {Diplomová práce},
}

@article{Sarsfield2020,
  author = {Rodolfo Sarsfield},
  journal = {Rebuilding the State Institutions},
  title = {Conceptualizing the Rule of Law},
  publisher = {Springer International Publishing},
  address = {Cham},
  year = {2020},
  pages = {19-38},
  volume = {2019},
  number = {2},
  isbn = {978-3-030-31313-5},
  urldate = {2025-05-16},
  doi = {10.1007/978-3-030-31314-2_2},
  url = {http://link.springer.com/10.1007/978-3-030-31314-2_2},
}

@online{Pecina2005,
  author = {Tomáš Pecina},
  journal = {Iuridictum},
  title = {Právní předpis},
  year = {2005},
  urldate = {2025-05-16},
  url = {https://iuridictum.pecina.cz/w/Pr\%C3\%A1vn\%C3\%AD_p\%C5\%99edpis},
}

@article{Stasa2020,
  author = {Josef Staša},
  journal = {Acta Universitatis Carolinae Iuridica},
  title = {K pojetí a členění forem správní činnosti po 40 letech},
  year = {2020},
  pages = {11-22},
  volume = {66/2020},
  number = {2},
}

@book{Ward2009,
  author = {Ian Ward},
  title = {A critical introduction to European law},
  publisher = {Cambridge University Press},
  address = {Cambridge},
  year = {2009},
  edition = {3rd ed},
  isbn = {978-052-1711-586},
}

@thesis{Krumlova2009,
  author = {Zuzana Krumlová},
  title = {Systém a struktura práva},
  address = {Brno},
  year = {2009-2010},
  school = {Masarykovy univerzity, Právnická fakulta, Katedra teorie práva},
  type = {Diplomová práce},
}

@book{Sin2009,
  author = {Zbyněk Šín},
  title = {Tvorba práva},
  subtitle = {pravidla, metodika, technika},
  publisher = {C.H. Beck},
  address = {V Praze},
  year = {2009},
  edition = {2. vyd},
  isbn = {978-80-7400-162-8},
  url = {http://toc.nkp.cz/NKC/201001/contents/nkc20091996861_1.pdf},
}

@article{Skop2019,
  author = {Martin Škop and Barbora Vacková},
  journal = {Časopis pro právní vědu a praxi},
  title = {Být legislativcem},
  subtitle = {Empirická šetření v administrativních fázích legislativy},
  year = {2019},
  pages = {5-28},
  volume = {27},
  number = {1},
  issn = {1805-2789},
  urldate = {2025-05-16},
  doi = {10.5817/CPVP2019-1-1},
  url = {https://journals.muni.cz/cpvp/article/view/11601},
}

@book{Whelanova2022,
  author = {Markéta Whelanová and Robert Zbíral and Jan Grinc},
  title = {Praktická příručka pro implementaci práva Evropské unie do českého právního řádu},
  subtitle = {komentář s příklady k vybraným článkům Metodických pokynů pro zajišťování prací při plnění legislativních závazků vyplývajících z členství České republiky v Evropské unii},
  publisher = {Masarykova univerzita},
  address = {Brno},
  year = {2022},
  edition = {1. vydání},
  isbn = {978-80-280-0066-0},
  urldate = {2025-05-16},
  url = {https://science.law.muni.cz/knihy/monografie/zbiral-pravo-eu.pdf\#page=14},
}

@article{Kunertova2011,
  author = {Tereza Kunertová},
  journal = {Acta Universitatis Carolinae Iuridica},
  title = {Problémy a úskalí implementace směrnice EU na příkladech z české právní praxe},
  year = {2011},
  pages = {99-108},
  volume = {57/2011},
  number = {1},
  urldate = {2025-05-16},
  url = {https://www.ceeol.com/search/article-detail?id=80181},
}

@article{VanEngers2008,
  author = {Tom Van Engers and Alexander Boer and Joost Breuker and André Valente and Radboud Winkels},
  journal = {Digital Government},
  title = {Ontologies in the Legal Domain},
  publisher = {Springer US},
  address = {Boston, MA},
  year = {2008},
  pages = {233-261},
  volume = {2008},
  isbn = {978-0-387-71610-7},
  urldate = {2025-05-16},
  doi = {10.1007/978-0-387-71611-4_13},
  url = {http://link.springer.com/10.1007/978-0-387-71611-4_13},
}

@book{Benjamins2005,
  author = {V. Richard Benjamins and Pompeu Casanovas and Joost Breuker and Aldo Gangemi},
  title = {Law and the semantic web},
  subtitle = {legal ontologies, methodologies, legal information retrieval, and applications},
  publisher = {Springer},
  address = {Berlin},
  year = {[2005]},
  edition = {2},
  isbn = {978-3-540-32253-5},
  url = {https://doi.org/10.1007/b106624},
}

@article{Cotterrell2006,
  author = {Roger Cotterrell},
  journal = {Economy and Society},
  title = {Conceptualizing law},
  subtitle = {problems and prospects of contemporary legal theory},
  year = {2006},
  pages = {348-366},
  volume = {10},
  number = {3},
  issn = {0308-5147},
  urldate = {2025-05-16},
  doi = {10.1080/03085148100000018},
  url = {http://www.tandfonline.com/doi/abs/10.1080/03085148100000018},
}

@article{Bajcic2011,
  author = {Martina Bajcic},
  journal = {Research in Language},
  title = {Conceptualization of Legal Terms in Different Fields of Law},
  subtitle = {The Need for a Transparent Terminological Approach},
  year = {2011},
  pages = {81-93},
  volume = {9},
  number = {1},
  issn = {1731-7533},
  urldate = {2025-05-16},
  doi = {10.2478/v10015-011-0001-5},
  url = {https://czasopisma.uni.lodz.pl/research/article/view/8126},
}

@article{Horak20211,
  author = {Filip Horák and David Lacko and Adam Klocek},
  journal = {Anuario de Psicología Jurídica},
  title = {Legal Consciousness},
  subtitle = {A Systematic Review of its Conceptualization and Measurement Methods1},
  year = {2021},
  pages = {9-34},
  volume = {31},
  number = {1},
  issn = {1133-0740},
  urldate = {2025-05-16},
  doi = {10.5093/apj2021a2},
  url = {https://journals.copmadrid.org/apj/art/apj2021a2},
}

@article{McCarty1976,
  author = {L. Thorne McCarty},
  journal = {Harward Law Review},
  title = {Reflections on TAXMAN: An Experiment in Artificial Intelligence and Legal Reasoning},
  year = {1976},
  pages = {305-373},
  volume = {1976},
  number = {5},
  urldate = {2025-05-16},
  url = {https://www.researchgate.net/publication/259873043_Reflections_on_TAXMAN_An_Experiment_in_Artificial_Intelligence_and_Legal_Reasoning_Original_Version},
}

@article{Rissland1987,
  author = {E. L. Rissland and K. D. Ashley},
  journal = {Proceedings of the first international conference on Artificial intelligence and law - ICAIL '87},
  title = {A case-based system for trade secrets law},
  publisher = {ACM Press},
  address = {New York, New York, USA},
  year = {1987},
  pages = {60-66},
  volume = {87},
  number = {1},
  isbn = {0897912306},
  urldate = {2025-05-16},
  doi = {10.1145/41735.41743},
  url = {http://portal.acm.org/citation.cfm?doid=41735.41743},
}

@article{McCray2006,
  author = {Alexa T. McCray},
  journal = {Journal of Biomedical Informatics},
  title = {Conceptualizing the world},
  subtitle = {Lessons from history},
  year = {2006},
  pages = {267-273},
  volume = {39},
  number = {3},
  issn = {15320464},
  urldate = {2025-05-16},
  doi = {10.1016/j.jbi.2005.08.007},
  url = {https://linkinghub.elsevier.com/retrieve/pii/S1532046405000808},
}

@article{Boer2007,
  author = {Alexander Boer and Radboud Winkels and Fabio Vitali},
  journal = {Frontiers in Artificial Intelligence and Applications},
  title = {Proposed XML Standards for Law: MetaLex and LKIF},
  year = {2007},
  pages = {19-28},
  volume = {165},
  number = {2},
  urldate = {2025-05-16},
  url = {https://ebooks.iospress.nl/volumearticle/3953},
}

@article{Athan2013,
  author = {Tara Athan and Harold Boley and Guido Governatori and Monica Palmirani and Adrian Paschke and Adam Wyner},
  journal = {Proceedings of the Fourteenth International Conference on Artificial Intelligence and Law},
  title = {OASIS LegalRuleML},
  publisher = {ACM},
  address = {New York, NY, USA},
  year = {2013-06-10},
  pages = {3-12},
  volume = {2013},
  number = {1},
  isbn = {9781450320801},
  urldate = {2025-05-16},
  doi = {10.1145/2514601.2514603},
  url = {https://dl.acm.org/doi/10.1145/2514601.2514603},
}

@article{Athan2015,
  author = {Tara Athan and Guido Governatori and Monica Palmirani and Adrian Paschke and Adam Wyner},
  journal = {Reasoning Web. Web Logic Rules},
  title = {LegalRuleML},
  subtitle = {Design Principles and Foundations},
  publisher = {Springer International Publishing},
  address = {Cham},
  year = {2015},
  pages = {151-188},
  volume = {2015},
  number = {1},
  isbn = {978-3-319-21767-3},
  urldate = {2025-05-16},
  doi = {10.1007/978-3-319-21768-0_6},
  url = {https://link.springer.com/10.1007/978-3-319-21768-0_6},
}

@online{ASPI,
  title = {ASPI},
  year = {c2025},
  urldate = {2025-05-16},
  url = {https://www.aspi.cz/},
}

@online{BECK,
  title = {Beck-online},
  year = {c2025},
  urldate = {2025-05-16},
  url = {https://www.beck-online.cz/},
}

@online{CODEXIS,
  title = {Codexis},
  year = {c2025},
  urldate = {2025-05-16},
  url = {https://codexis.cz/},
}

@online{esbirka,
  title = {E-Sbírka},
  year = {c2025},
  urldate = {2025-05-16},
  url = {https://www.e-sbirka.cz/},
}

@online{esbirka_elegislativa,
  journal = {Ministerstvo vnitra České republiky},
  title = {E-Sbírka a e-Legislativa},
  year = {c2025},
  urldate = {2025-05-16},
  url = {https://mv.gov.cz/clanek/e-sbirka-a-e-legislativa.aspx},
}

@online{NKOD,
  journal = {NKOD},
  title = {Portál o datech},
  year = {c2025},
  urldate = {2025-05-16},
  url = {https://data.gov.cz/datov\%C3\%A9-sady},
}

@online{zakonyprolidi,
  title = {Zákony pro lidi},
  year = {c2010-2025},
  urldate = {2025-05-16},
  url = {https://www.zakonyprolidi.cz/},
}

@article{Prakken2005,
  author = {Henry Prakken},
  journal = {Argumentation},
  title = {AI \& Law, Logic and Argument Schemes},
  year = {2005},
  pages = {303-320},
  volume = {19},
  number = {3},
  issn = {0920-427X},
  urldate = {2025-05-16},
  doi = {10.1007/s10503-005-4418-7},
  url = {http://link.springer.com/10.1007/s10503-005-4418-7},
}

@article{BenchCapon2012,
  author = {Trevor Bench-Capon and Michał Araszkiewicz and Kevin Ashley and Katie Atkinson and Floris Bex and Filipe Borges and Daniele Bourcier and Paul Bourgine and Jack G. Conrad and Enrico Francesconi and Thomas F. Gordon and Guido Governatori and Jochen L. Leidner and David D. Lewis and Ronald P. Loui},
  journal = {Artificial Intelligence and Law},
  title = {A history of AI and Law in 50 papers},
  subtitle = {25 years of the international conference on AI and Law},
  year = {2012},
  pages = {215-319},
  volume = {20},
  number = {3},
  issn = {0924-8463},
  urldate = {2025-05-16},
  doi = {10.1007/s10506-012-9131-x},
  url = {http://link.springer.com/10.1007/s10506-012-9131-x},
}

@unpublished{PerglUML,
  author = {Robert Pergl},
  title = {UML},
  subtitle = {For Process Modelling},
  year = {2023},
  url = {https://moodle-vyuka.cvut.cz/pluginfile.php/898799/course/section/133685/uml.pdf?time=1681659961435},
}

@article{Koc2021,
  author = {Hatice Koç and Ali Mert Erdoğan and Yousef Barjakly and Serhat Peker},
  journal = {The 7th International Management Information Systems Conference},
  title = {UML Diagrams in Software Engineering Research},
  subtitle = {A Systematic Literature Review},
  publisher = {MDPI},
  address = {Basel Switzerland},
  year = {2021},
  pages = {13-},
  urldate = {2025-05-16},
  doi = {10.3390/proceedings2021074013},
  url = {https://www.mdpi.com/2504-3900/74/1/13},
}

@misc{Benabderrezak2024Class,
  author = {Youcef Benabderrezak},
  title = {UML Class diagram in simple words},
  year = {2024},
  url = {https://www.researchgate.net/publication/385781637_UML_Class_diagram_in_simple_words},
}

@misc{Mlejnek2020Class,
  author = {Jiří Mlejnek},
  title = {UML diagram tříd},
  subtitle = {Doménový model},
  year = {2020},
  url = {https://moodle-vyuka.cvut.cz/pluginfile.php/898721/mod_resource/content/2/Class\%20Diagram\%20Domain\%20Model.pdf},
}

@misc{Mlejnek2020UseCase,
  author = {Jiří Mlejnek},
  title = {UML diagram případů užití},
  year = {2019},
  url = {https://moodle-vyuka.cvut.cz/pluginfile.php/898716/mod_resource/content/1/Use\%20Case\%20Model.pdf},
}

@misc{Benabderrezak2024UseCase,
  author = {Youcef Benabderrezak},
  title = {UML use case diagram in simple words},
  year = {2024},
  url = {https://www.researchgate.net/publication/385746749_UML_use_case_diagram_in_simple_words},
}

@misc{Benabderrezak2024Activity,
  author = {Youcef Benabderrezak},
  title = {UML Activity diagram in simple words},
  year = {2024},
  url = {https://www.researchgate.net/publication/385782013_UML_Activity_diagram_in_simple_words},
}

@misc{Mlejnek2020Activity,
  author = {Jiří Mlejnek},
  title = {UML diagram aktivit},
  year = {2020},
  url = {https://moodle-vyuka.cvut.cz/pluginfile.php/898710/mod_resource/content/4/Activity\%20Diagram.pdf},
}

@misc{Benabderrezak2024Sequence,
  author = {Youcef Benabderrezak},
  title = {UML Sequence diagram in simple words},
  year = {2024},
  url = {https://www.researchgate.net/publication/385782122_UML_Sequence_diagram_in_simple_words},
}

@article{Gouveia2017,
  author = {Duarte Gouveia and David Aveiro},
  journal = {Advances in Enterprise Engineering XI},
  title = {DEMO/PSI Theory and the Law of the Land},
  publisher = {Springer International Publishing},
  address = {Cham},
  year = {2017},
  pages = {50-65},
  isbn = {978-3-319-57954-2},
  urldate = {2025-05-16},
  doi = {10.1007/978-3-319-57955-9_4},
  url = {https://link.springer.com/10.1007/978-3-319-57955-9_4},
}

@misc{Pergl2023DEMO_modely,
  author = {Robert Pergl},
  title = {DEMO Course NI-MEP},
  subtitle = {Part 3 – Models},
  year = {2023},
  url = {https://moodle-vyuka.cvut.cz/pluginfile.php/820296/mod_folder/content/0/DEMO\%20Lectures/03_Models.pdf?forcedownload=1},
}

@book{Dietz2020,
  author = {Jan L. G Dietz and Hans B. F. Mulder},
  title = {Enterprise Ontology},
  subtitle = {A Human-Centric Approach to Understanding the Essence of Organisation},
  publisher = {Springer},
  year = {2020},
  edition = {1},
  isbn = {978-3-030-38854-6},
  urldate = {2025-05-16},
  doi = {10.1007/978-3-030-38854-6},
  url = {https://link.springer.com/book/10.1007/978-3-030-38854-6},
}

@article{Aagesen2015,
  author = {Gustav Aagesen and John Krogstie},
  journal = {Handbook on Business Process Management 1},
  title = {BPMN 2.0 for Modeling Business Processes},
  publisher = {Springer Berlin Heidelberg},
  address = {Berlin, Heidelberg},
  year = {2015},
  pages = {219-250},
  isbn = {978-3-642-45099-0},
  urldate = {2025-05-16},
  doi = {10.1007/978-3-642-45100-3_10},
  url = {https://link.springer.com/10.1007/978-3-642-45100-3_10},
}

@misc{Pergl2023BPMN,
  author = {Robert Pergl},
  title = {BPMN},
  year = {2023},
  url = {https://moodle-vyuka.cvut.cz/pluginfile.php/898799/course/section/133685/BPMN.pdf?time=1679246814218},
}

@misc{Pergl2019BPMN2,
  author = {|Robert Pergl},
  title = {BPMN},
  subtitle = {Advanced concepts},
  year = {2019},
  url = {https://moodle-vyuka.cvut.cz/pluginfile.php/898799/course/section/133685/BPMN2.pdf?time=1554194942261},
}

@article{Knott2003,
  author = {Roger Knott and Vojtech Merunka and Jiri Polak},
  journal = {Knowledge-Based Systems},
  title = {The BORM methodology},
  subtitle = {a third-generation fully object-oriented methodology},
  year = {2003},
  pages = {77-89},
  volume = {16},
  number = {2},
  issn = {09507051},
  urldate = {2025-05-16},
  doi = {10.1016/S0950-7051(02)00075-8},
  url = {https://linkinghub.elsevier.com/retrieve/pii/S0950705102000758},
}

@article{Knott2006,
  author = {Roger Knott and Vojtech Merunka and Jiri Polak},
  journal = {Management of the Object-Oriented Development Process},
  title = {The BORM Method},
  publisher = {IGI Global},
  year = {2006},
  pages = {337-360},
  isbn = {9781591406044},
  urldate = {2025-05-16},
  doi = {10.4018/978-1-59140-604-4.ch015},
  url = {http://services.igi-global.com/resolvedoi/resolve.aspx?doi=10.4018/978-1-59140-604-4.ch015},
}

@misc{Pergl2021BORM,
  author = {Robert Pergl},
  title = {Metoda BORM},
  year = {2021},
  url = {https://moodle-vyuka.cvut.cz/pluginfile.php/898799/course/section/133685/02-BORM.pdf?time=1614589329963},
}

@article{Governatori2010,
  author = {Guido Governatori and Renato Iannella},
  journal = {Enterprise Information Systems},
  title = {A modelling and reasoning framework for social networks policies},
  year = {2010-12-13},
  pages = {145-167},
  volume = {5},
  number = {1},
  issn = {1751-7575},
  urldate = {2025-05-16},
  doi = {10.1080/17517575.2010.513014},
  url = {https://www.tandfonline.com/doi/full/10.1080/17517575.2010.513014},
}

@article{Kasten,
  author = {Andreas Kasten and Rüdiger Grimm},
  title = {Making the Semantics of ODRL and URM Explicit Using Web Ontologies},
  pages = {77-91},
  urldate = {2025-05-16},
  url = {https://www.researchgate.net/publication/268434167_Making_the_Semantics_of_ODRL_and_URM_Explicit_Using_Web_Ontologies},
}

@book{Bassiliades2015,
  author = {Nick Bassiliades and Georg Gottlob and Fariba Sadri and Adrian Paschke and Dumitru Roman},
  title = {Rule Technologies: Foundations, Tools, and Applications},
  subtitle = {9th International Symposium, RuleML 2015, Berlin, Germany, August 2-5, 2015, Proceedings},
  publisher = {Springer International Publishing},
  address = {Cham},
  year = {2015},
  isbn = {978-3-319-21542-6},
  urldate = {2025-05-16},
  url = {https://doi.org/10.1007/978-3-319-21542-6},
}

@online{W3C_odrl,
  title = {ODRL Information Model 2.2},
  year = {2018},
  urldate = {2025-05-16},
  url = {https://www.w3.org/TR/odrl-model/},
}
